@Manual{R-base,
  title = {R: A Language and Environment for Statistical Computing},
  author = {{R Core Team}},
  organization = {R Foundation for Statistical Computing},
  address = {Vienna, Austria},
  year = {2019},
  url = {https://www.R-project.org/},
}
@Manual{R-papaja,
  author = {Frederik Aust and Marius Barth},
  title = {{papaja}: {Create} {APA} manuscripts with {R Markdown}},
  year = {2018},
  note = {R package version 0.1.0.9842},
  url = {https://github.com/crsh/papaja},
}
@Manual{R-kableExtra,
  title = {kableExtra: Construct Complex Table with 'kable' and Pipe Syntax},
  author = {Hao Zhu},
  year = {2019},
  note = {R package version 1.1.0},
  url = {https://CRAN.R-project.org/package=kableExtra},
}
@Manual{R-hunspell,
  title = {hunspell: High-Performance Stemmer, Tokenizer, and Spell Checker},
  author = {Jeroen Ooms},
  year = {2018},
  note = {R package version 3.0},
  url = {https://CRAN.R-project.org/package=hunspell},
}
@Manual{R-dplyr,
  title = {dplyr: A Grammar of Data Manipulation},
  author = {Hadley Wickham and Romain François and Lionel Henry and Kirill Müller},
  year = {2019},
  note = {R package version 0.8.0.1},
  url = {https://CRAN.R-project.org/package=dplyr},
}
@Manual{R-koRpus,
  title = {koRpus: An R Package for Text Analysis},
  author = {Meik Michalke},
  year = {2018},
  note = {(Version 0.11-5)},
  url = {https://reaktanz.de/?c=hacking&s=koRpus},
}
@Manual{R-koRpus.lang.en,
  title = {koRpus.lang.en: Language Support for 'koRpus' Package: English},
  author = {Meik Michalke},
  year = {2018},
  note = {(Version 0.1-2)},
  url = {https://reaktanz.de/?c=hacking&s=koRpus},
}
@Manual{R-stopwords,
  title = {stopwords: Multilingual Stopword Lists},
  author = {Kenneth Benoit and David Muhr and Kohei Watanabe},
  year = {2017},
  note = {R package version 0.9.0},
  url = {https://CRAN.R-project.org/package=stopwords},
}
@Manual{R-stringi,
  title = {R package stringi: Character string processing facilities},
  author = {Marek Gagolewski},
  year = {2019},
  url = {http://www.gagolewski.com/software/stringi/},
}
@Manual{R-sylly,
  title = {sylly: Hyphenation and Syllable Counting for Text Analysis},
  author = {Meik Michalke},
  year = {2018},
  note = {(Version 0.1-5)},
  url = {https://reaktanz.de/?c=hacking&s=sylly},
}
@Article{R-tokenizers,
  title = {Fast, Consistent Tokenization of Natural Language Text},
  author = {Lincoln A. Mullen and Kenneth Benoit and Os Keyes and Dmitry Selivanov and Jeffrey Arnold},
  journal = {Journal of Open Source Software},
  year = {2018},
  volume = {3},
  issue = {23},
  pages = {655},
  url = {https://doi.org/10.21105/joss.00655},
  doi = {10.21105/joss.00655},
}
