@article{aghdam2009text,
  title={Text feature selection using ant colony optimization},
  author={Aghdam, Mehdi Hosseinzadeh and Ghasem-Aghaee, Nasser and Basiri, Mohammad Ehsan},
  journal={Expert systems with applications},
  volume={36},
  number={3},
  pages={6843--6853},
  year={2009},
  publisher={Elsevier}
}

@article{baayen2019discriminative,
  title={The discriminative lexicon: A unified computational model for the lexicon and lexical processing in comprehension and production grounded not in (de) composition but in linear discriminative learning},
  author={Baayen, R Harald and Chuang, Yu-Ying and Shafaei-Bajestan, Elnaz and Blevins, James P},
  journal={Complexity},
  volume={2019},
  year={2019},
  publisher={Hindawi}
}

@misc{buchanan_dedeyne_montefinese_2019,
 title={A practical primer on processing semantic property norm data},
 url={osf.io/qb8en},
 DOI={10.31219/osf.io/qb8en},
 publisher={OSF Preprints},
 author={Buchanan, Erin M and De Deyne, Simon and Montefinese, Maria},
 year={2019},
 month={Jul}
}

@inproceedings{bungum2010evolutionary,
  title={Evolutionary algorithms in natural language processing},
  author={Bungum, Lars and Gamback, Bjorn},
  booktitle={Norwegian Artificial Intelligence Symposium, Gj{\o}vik},
  volume={22},
  year={2010}
}

@article{gleim2019practitioner,
  title={Practitioner’s view: A comparison and a survey of lemmatization and morphological tagging in German and Latin},
  author={Gleim, R{\"u}diger and Eger, Steffen and Mehler, Alexander and Uslu, Tolga and Hemati, Wahed and L{\"u}cking, Andy and Henlein, Alexander and Kahlsdorf, Sven and Hoenen, Armin},
  journal={Journal of Language Modelling},
  volume={7},
  number={1},
  pages={1--52},
  year={2019}
}

@article{landset2015survey,
  title={A survey of open source tools for machine learning with big data in the Hadoop ecosystem},
  author={Landset, Sara and Khoshgoftaar, Taghi M and Richter, Aaron N and Hasanin, Tawfiq},
  journal={Journal of Big Data},
  volume={2},
  number={1},
  pages={24},
  year={2015},
  publisher={Nature Publishing Group}
}

@article{laney20013d,
  title={3D data management: Controlling data volume, velocity and variety},
  author={Laney, Doug},
  journal={META group research note},
  volume={6},
  number={70},
  pages={1},
  year={2001}
}

@article{khan2010review,
  title={A review of machine learning algorithms for text-documents classification},
  author={Khan, Aurangzeb and Baharudin, Baharum and Lee, Lam Hong and Khan, Khairullah},
  journal={Journal of advances in information technology},
  volume={1},
  number={1},
  pages={4--20},
  year={2010},
  publisher={Academy Publisher, PO Box 40 Oulu 90571 Finland}
}

@article{keshavarz2017alga,
  title={ALGA: Adaptive lexicon learning using genetic algorithm for sentiment analysis of microblogs},
  author={Keshavarz, Hamidreza and Abadeh, Mohammad Saniee},
  journal={Knowledge-Based Systems},
  volume={122},
  pages={1--16},
  year={2017},
  publisher={Elsevier}
}

@article{lee2019automotive,
  title={Automotive ECU Data-Based Driver’s Propensity Learning Using Evolutionary Random Forest},
  author={Lee, Jong-Hyun and Lim, Sangmin and Ahn, Chang Wook},
  journal={IEEE Access},
  volume={7},
  pages={51899--51906},
  year={2019},
  publisher={IEEE}
}

@inproceedings{mckinney2010data,
  title={Data structures for statistical computing in python},
  author={McKinney, Wes and others},
  booktitle={Proceedings of the 9th Python in Science Conference},
  volume={445},
  pages={51--56},
  year={2010},
  organization={Austin, TX}
}

@inproceedings{nivre2015towards,
  title={Towards a universal grammar for natural language processing},
  author={Nivre, Joakim},
  booktitle={International Conference on Intelligent Text Processing and Computational Linguistics},
  pages={3--16},
  year={2015},
  organization={Springer}
}

@book{oliphant2006guide,
  title={A guide to NumPy},
  author={Oliphant, Travis E},
  volume={1},
  year={2006},
  publisher={Trelgol Publishing USA}
}

@article{pedregosa2011scikit,
  title={Scikit-learn: Machine learning in Python},
  author={Pedregosa, Fabian and Varoquaux, Ga{\"e}l and Gramfort, Alexandre and Michel, Vincent and Thirion, Bertrand and Grisel, Olivier and Blondel, Mathieu and Prettenhofer, Peter and Weiss, Ron and Dubourg, Vincent and others},
  journal={Journal of machine learning research},
  volume={12},
  number={Oct},
  pages={2825--2830},
  year={2011}
}

@inproceedings{schmid1994probabilistic,
  title={Probabilistic Part-of-Speech Tagging Using Decision Trees, Intl},
  author={Schmid, Helmut},
  booktitle={Conference on New Methods in Language Processing. Manchester, UK},
  year={1994}
}

@incollection{schmid1999improvements,
  title={Improvements in part-of-speech tagging with an application to German},
  author={Schmid, Helmut},
  booktitle={Natural language processing using very large corpora},
  pages={13--25},
  year={1999},
  publisher={Springer}
}

@article{schmidt2019performance,
  title={On the Performance of Differential Evolution for Hyperparameter Tuning},
  author={Schmidt, Mischa and Safarani, Shahd and Gastinger, Julia and Jacobs, Tobias and Nicolas, Sebastien and Sch{\"u}lke, Anett},
  journal={arXiv preprint arXiv:1904.06960},
  year={2019}
}

@article{Song2010FeatureSU,
  title={Feature Selection Using Principal Component Analysis},
  author={Fengxi Song and ZhongWei Guo and Dayong Mei},
  journal={2010 International Conference on System Science, Engineering Design and Manufacturing Informatization},
  year={2010},
  volume={1},
  pages={27-30}
}

@article{uuguz2011two,
  title={A two-stage feature selection method for text categorization by using information gain, principal component analysis and genetic algorithm},
  author={U{\u{g}}uz, Harun},
  journal={Knowledge-Based Systems},
  volume={24},
  number={7},
  pages={1024--1032},
  year={2011},
  publisher={Elsevier}
}

